<record><leader>00000cas a22000007a 4500</leader><controlfield tag="001">12221786</controlfield><controlfield tag="008">850701d188419uunjumr ne      0   a0eng d</controlfield><datafield ind1=" " ind2=" " tag="010"><subfield code="a">sn 85035793 </subfield></datafield><datafield ind1=" " ind2=" " tag="040"><subfield code="a">NPA</subfield><subfield code="b">eng</subfield><subfield code="c">NPA</subfield><subfield code="d">NJW</subfield><subfield code="d">NSD</subfield><subfield code="d">NJW</subfield><subfield code="d">NSD</subfield><subfield code="d">OCLCQ</subfield></datafield><datafield ind1=" " ind2=" " tag="012"><subfield code="j">0</subfield><subfield code="m">d</subfield></datafield><datafield ind1="1" ind2=" " tag="022"><subfield code="a">1041-2514</subfield><subfield code="l">1041-2514</subfield><subfield code="2">1</subfield></datafield><datafield ind1=" " ind2=" " tag="037"><subfield code="b">Raritan Printing, 109 N. Feltus St., South Amboy, NJ 08879</subfield></datafield><datafield ind1=" " ind2=" " tag="042"><subfield code="a">msc</subfield><subfield code="a">nsdp</subfield></datafield><datafield ind1="0" ind2=" " tag="130"><subfield code="a">South Amboy citizen (1884)</subfield></datafield><datafield ind1=" " ind2="4" tag="222"><subfield code="a">The South Amboy citizen</subfield><subfield code="b">(South Amboy, N.J. 1884)</subfield></datafield><datafield ind1="1" ind2="4" tag="245"><subfield code="a">The South Amboy citizen.</subfield></datafield><datafield ind1=" " ind2=" " tag="260"><subfield code="a">South Amboy, N.J. :</subfield><subfield code="b">[South Amboy Print. Co.]</subfield></datafield><datafield ind1=" " ind2=" " tag="300"><subfield code="a">v. :</subfield><subfield code="b">ill.</subfield></datafield><datafield ind1=" " ind2=" " tag="310"><subfield code="a">Monthly,</subfield><subfield code="b">1988-</subfield></datafield><datafield ind1=" " ind2=" " tag="321"><subfield code="a">Weekly,</subfield><subfield code="b">1884-1988</subfield></datafield><datafield ind1="1" ind2=" " tag="362"><subfield code="a">Began in 1884?</subfield></datafield><datafield ind1=" " ind2=" " tag="500"><subfield code="a">Publishers: South Amboy Citizen, Inc., &lt;Jan. 28, 1938&gt;-Aug. 6, 1943; South Amboy Pub. Co., Aug. 13, 1943-&lt;Dec. 28, 1972&gt;; Raritan Printing Co., &lt;1988&gt;-</subfield></datafield><datafield ind1=" " ind2=" " tag="588"><subfield code="a">Description based on: Vol. 30, no. 20 (Aug. 27, 1910).</subfield></datafield><datafield ind1=" " ind2=" " tag="588"><subfield code="a">Latest issue consulted: Vol. 106, no. 35 (Oct. 6, 1988).</subfield></datafield><datafield ind1=" " ind2=" " tag="752"><subfield code="a">United States</subfield><subfield code="b">New Jersey</subfield><subfield code="c">Middlesex</subfield><subfield code="d">South Amboy.</subfield></datafield><datafield ind1="0" ind2="0" tag="785"><subfield code="t">Citizen (South Amboy, N.J.)</subfield><subfield code="x">1060-2704</subfield><subfield code="w">(DLC)sn 91003819</subfield><subfield code="w">(OCoLC)24899732</subfield></datafield></record>